@misc{
  Refworks=1,
  title = {{Typing Master}},
  howpublished = "\url{http://www.typingmaster.com/}",
  note = "[Online; accessed 27-Nov-2018]"
},
@misc{
  Refworks=2,
  title = {{PHP Style Guide}},
  howpublished = "\url{https://www.codeigniter.com/user_guide/general/styleguide.html}",
  note = "[Online; accessed 27-Nov-2018]"
},
@misc{
  Refworks=3,
  title = {{SQL Style Guide}},
  howpublished = "\url{https://www.sqlstyle.guide}",
  note = "[Online; accessed 27-Nov-2018]"
},
@misc{
  Refworks=4,
  title = {{Laravel vs Codeigniter}},
  howpublished = "\url{https://www.elsner.com/laravel-vs-codeigniter-php-framework/}",
  note = "[Online; accessed 27-Nov-2018]"
},
@misc{
  Refworks=5,
  title = {{ci-phpunit-test}},
  howpublished = "\url{https://github.com/kenjis/ci-phpunit-test}",
  note = "[Online; accessed 27-Nov-2018]"
}
